<record><leader>00000cas a2200000 a 4500</leader><controlfield tag="001">47267327</controlfield><controlfield tag="007">hd afb---baca</controlfield><controlfield tag="007">hd afb---baaa</controlfield><controlfield tag="007">hd afb---baba</controlfield><controlfield tag="008">010710c20019999flucr nea     0    0eng c</controlfield><datafield ind1=" " ind2=" " tag="010"><subfield code="a">  2001229430</subfield></datafield><datafield ind1=" " ind2=" " tag="040"><subfield code="a">FUG</subfield><subfield code="b">eng</subfield><subfield code="c">FUG</subfield><subfield code="d">OCLCQ</subfield><subfield code="d">DLC</subfield><subfield code="d">OCLCQ</subfield><subfield code="d">OCLCF</subfield><subfield code="d">OCLCO</subfield></datafield><datafield ind1=" " ind2=" " tag="022"><subfield code="y">0745-6663</subfield></datafield><datafield ind1="1" ind2=" " tag="029"><subfield code="a">AU@</subfield><subfield code="b">000022837539</subfield></datafield><datafield ind1=" " ind2=" " tag="037"><subfield code="b">Preservation Office, George A. Smathers Libraries, University of Florida, Gainesville, FL. 32611</subfield></datafield><datafield ind1=" " ind2=" " tag="042"><subfield code="a">pcc</subfield></datafield><datafield ind1=" " ind2=" " tag="043"><subfield code="a">n-us-fl</subfield></datafield><datafield ind1="0" ind2="0" tag="245"><subfield code="a">Venice gondolier sun</subfield><subfield code="h">[microform].</subfield></datafield><datafield ind1="3" ind2="0" tag="246"><subfield code="a">Venice gondolier</subfield></datafield><datafield ind1="3" ind2="0" tag="246"><subfield code="a">Gondolier</subfield></datafield><datafield ind1=" " ind2=" " tag="260"><subfield code="a">Venice, Fla. :</subfield><subfield code="b">Venice Gondolier Sun,</subfield><subfield code="c">2001-</subfield></datafield><datafield ind1=" " ind2=" " tag="300"><subfield code="a">v. :</subfield><subfield code="b">ill. (some col.) ;</subfield><subfield code="c">58 cm.</subfield></datafield><datafield ind1=" " ind2=" " tag="310"><subfield code="a">Semiweekly</subfield></datafield><datafield ind1="0" ind2=" " tag="362"><subfield code="a">Vol. 56, no. 7 (Apr. 4-6, 2001)-</subfield></datafield><datafield ind1=" " ind2=" " tag="515"><subfield code="a">Issue for Apr. 4-6, 2001 also called Apr. 4, 2001.</subfield></datafield><datafield ind1=" " ind2=" " tag="530"><subfield code="a">Also issued in the original paper edition.</subfield></datafield><datafield ind1=" " ind2=" " tag="533"><subfield code="a">Microfilm.</subfield><subfield code="b">Gainesville, Fla. :</subfield><subfield code="c">George A. Smathers Libraries, University of Florida,</subfield><subfield code="d">2001-</subfield><subfield code="e">microfilm reels:positive; 35 mm.</subfield></datafield><datafield ind1=" " ind2="0" tag="651"><subfield code="a">Venice (Fla.)</subfield><subfield code="v">Newspapers.</subfield></datafield><datafield ind1=" " ind2="0" tag="651"><subfield code="a">Sarasota County (Fla.)</subfield><subfield code="v">Newspapers.</subfield></datafield><datafield ind1=" " ind2="7" tag="655"><subfield code="a">Newspapers.</subfield><subfield code="2">fast</subfield><subfield code="0">(OCoLC)fst01423814</subfield></datafield><datafield ind1=" " ind2="7" tag="651"><subfield code="a">Florida</subfield><subfield code="z">Sarasota County.</subfield><subfield code="2">fast</subfield><subfield code="0">(OCoLC)fst01214943</subfield></datafield><datafield ind1=" " ind2="7" tag="651"><subfield code="a">Florida</subfield><subfield code="z">Venice.</subfield><subfield code="2">fast</subfield><subfield code="0">(OCoLC)fst01215996</subfield></datafield><datafield ind1=" " ind2=" " tag="752"><subfield code="a">United States</subfield><subfield code="b">Florida</subfield><subfield code="c">Sarasota</subfield><subfield code="d">Venice.</subfield></datafield><datafield ind1="1" ind2=" " tag="776"><subfield code="c">Original</subfield><subfield code="x">1536-1063</subfield><subfield code="w">(DLC)  2001229429</subfield><subfield code="w">(OCoLC)47264140</subfield></datafield><datafield ind1="0" ind2="0" tag="780"><subfield code="t">Venice gondolier (Venice, Fla. : 1983)</subfield><subfield code="x">0745-6263</subfield><subfield code="w">(DLC)sn 96027618</subfield><subfield code="w">(OCoLC)35207166</subfield></datafield><datafield ind1=" " ind2=" " tag="850"><subfield code="a">FU</subfield><subfield code="a">FU (master)</subfield></datafield></record>